
<!--473-->
<record>
  <leader>00816nam a2200229 a 4500</leader>
  <controlfield tag="001">0013914</controlfield>
  <controlfield tag="005">20161201090519.0</controlfield>
  <controlfield tag="008">150119s||||     bl|||||||||||||||||por|u</controlfield>
  <datafield tag="082" ind1="0" ind2="0">
    <subfield code="a">301</subfield>
  </datafield>
  <datafield tag="090" ind1=" " ind2=" ">
    <subfield code="a">301</subfield>
    <subfield code="b">W927</subfield>
  </datafield>
  <datafield tag="830" ind1=" " ind2="0">
    <subfield code="a">Worldwatch paper</subfield>
  </datafield>
  <datafield tag="100" ind1="1" ind2=" ">
    <subfield code="a">Lowe, Marcia D.</subfield>
  </datafield>
  <datafield tag="245" ind1="1" ind2="0">
    <subfield code="a">Back on track :</subfield>
    <subfield code="b">the global rail revival /</subfield>
    <subfield code="c">Marcia D. Lowe ; Carole Douglis, editor.</subfield>
  </datafield>
  <datafield tag="260" ind1=" " ind2=" ">
    <subfield code="a">Washington, DC :</subfield>
    <subfield code="b">Worldwatch Institute,</subfield>
    <subfield code="c">c1994.</subfield>
  </datafield>
  <datafield tag="300" ind1=" " ind2=" ">
    <subfield code="a">54 p. ;</subfield>
    <subfield code="c">22 cm.</subfield>
  </datafield>
  <datafield tag="490" ind1=" " ind2="0">
    <subfield code="a">Worldwatch paper ;</subfield>
    <subfield code="v">118</subfield>
  </datafield>
  <datafield tag="500" ind1=" " ind2=" ">
    <subfield code="a">"April 1994."</subfield>
  </datafield>
  <datafield tag="504" ind1=" " ind2=" ">
    <subfield code="a">Includes bibliographical references (p. 46-54).</subfield>
  </datafield>
  <datafield tag="505" ind1="0" ind2=" ">
    <subfield code="a">Ten advantages of rail -- A transport turnaround -- Reinventing the rails -- Cars or trains: a closer look at costs -- Keeping the revival on track.</subfield>
  </datafield>
  <datafield tag="650" ind1=" " ind2="0">
    <subfield code="a">Estradas de Ferro</subfield>
  </datafield>
  <datafield tag="942" ind1=" " ind2=" ">
    <subfield code="c">L</subfield>
  </datafield>
  <datafield tag="999" ind1=" " ind2=" ">
    <subfield code="c">18049</subfield>
    <subfield code="d">18049</subfield>
  </datafield>
  <datafield tag="952" ind1=" " ind2=" ">
    <subfield code="0">0</subfield>
    <subfield code="1">0</subfield>
    <subfield code="2">ddc</subfield>
    <subfield code="4">0</subfield>
    <subfield code="6">301_000000000000000_W927</subfield>
    <subfield code="7">0</subfield>
    <subfield code="8">G</subfield>
    <subfield code="9">24336</subfield>
    <subfield code="a">sdin</subfield>
    <subfield code="b">sdin</subfield>
    <subfield code="d">2016-12-01</subfield>
    <subfield code="l">0</subfield>
    <subfield code="o">301 W927</subfield>
    <subfield code="p">2015.819</subfield>
    <subfield code="r">2016-12-01</subfield>
    <subfield code="w">2016-12-01</subfield>
    <subfield code="y">L</subfield>
  </datafield>
</record>