
<!--512-->
<record>
  <leader>00648nam a2200217 a 4500</leader>
  <controlfield tag="001">0013845</controlfield>
  <controlfield tag="005">20161201090515.0</controlfield>
  <controlfield tag="008">150116s||||     bl|||||||||||||||||por|u</controlfield>
  <datafield tag="082" ind1="0" ind2="0">
    <subfield code="a">301</subfield>
  </datafield>
  <datafield tag="090" ind1=" " ind2=" ">
    <subfield code="a">301</subfield>
    <subfield code="b">W927</subfield>
  </datafield>
  <datafield tag="830" ind1=" " ind2="0">
    <subfield code="a">Worldwatch paper</subfield>
  </datafield>
  <datafield tag="100" ind1="1" ind2=" ">
    <subfield code="a">Chandler, William U.,</subfield>
    <subfield code="d">1950-</subfield>
  </datafield>
  <datafield tag="245" ind1="1" ind2="0">
    <subfield code="a">Materials recycling :</subfield>
    <subfield code="b">the virtue of necessity /</subfield>
    <subfield code="c">William U. Chandler.</subfield>
  </datafield>
  <datafield tag="260" ind1=" " ind2=" ">
    <subfield code="a">Washington, D.C., USA :</subfield>
    <subfield code="b">Worldwatch Institute,</subfield>
    <subfield code="c">c1983.</subfield>
  </datafield>
  <datafield tag="300" ind1=" " ind2=" ">
    <subfield code="a">52 p. :</subfield>
    <subfield code="b">ill. ;</subfield>
    <subfield code="c">22 cm.</subfield>
  </datafield>
  <datafield tag="490" ind1=" " ind2="0">
    <subfield code="a">Worldwatch paper ;</subfield>
    <subfield code="v">56</subfield>
  </datafield>
  <datafield tag="500" ind1=" " ind2=" ">
    <subfield code="a">"October 1983."</subfield>
  </datafield>
  <datafield tag="504" ind1=" " ind2=" ">
    <subfield code="a">Includes bibliographical references.</subfield>
  </datafield>
  <datafield tag="650" ind1=" " ind2="0">
    <subfield code="a">Reciclagem</subfield>
  </datafield>
  <datafield tag="942" ind1=" " ind2=" ">
    <subfield code="c">L</subfield>
  </datafield>
  <datafield tag="999" ind1=" " ind2=" ">
    <subfield code="c">18000</subfield>
    <subfield code="d">18000</subfield>
  </datafield>
  <datafield tag="952" ind1=" " ind2=" ">
    <subfield code="0">0</subfield>
    <subfield code="1">0</subfield>
    <subfield code="2">ddc</subfield>
    <subfield code="4">0</subfield>
    <subfield code="6">301_000000000000000_W927</subfield>
    <subfield code="7">0</subfield>
    <subfield code="8">G</subfield>
    <subfield code="9">24390</subfield>
    <subfield code="a">sdin</subfield>
    <subfield code="b">sdin</subfield>
    <subfield code="d">2016-12-01</subfield>
    <subfield code="l">0</subfield>
    <subfield code="o">301 W927</subfield>
    <subfield code="p">2015.660</subfield>
    <subfield code="r">2016-12-01</subfield>
    <subfield code="w">2016-12-01</subfield>
    <subfield code="y">L</subfield>
  </datafield>
</record>