
<!--522-->
<record>
  <leader>00589nam a2200205 a 4500</leader>
  <controlfield tag="001">0013855</controlfield>
  <controlfield tag="005">20161201090514.0</controlfield>
  <controlfield tag="008">150116s||||     bl|||||||||||||||||por|u</controlfield>
  <datafield tag="082" ind1="0" ind2="0">
    <subfield code="a">301</subfield>
  </datafield>
  <datafield tag="090" ind1=" " ind2=" ">
    <subfield code="a">301</subfield>
    <subfield code="b">W927</subfield>
  </datafield>
  <datafield tag="830" ind1=" " ind2="0">
    <subfield code="a">Worldwatch paper</subfield>
  </datafield>
  <datafield tag="100" ind1="1" ind2=" ">
    <subfield code="a">Flavin, Christopher.</subfield>
  </datafield>
  <datafield tag="245" ind1="1" ind2="0">
    <subfield code="a">World oil :</subfield>
    <subfield code="b">coping with the dangers of success /</subfield>
    <subfield code="c">Christopher Flavin.</subfield>
  </datafield>
  <datafield tag="260" ind1=" " ind2=" ">
    <subfield code="a">Washington, D.C. :</subfield>
    <subfield code="b">Worldwatch Institute,</subfield>
    <subfield code="c">c1985.</subfield>
  </datafield>
  <datafield tag="300" ind1=" " ind2=" ">
    <subfield code="a">66 p. :</subfield>
    <subfield code="b">ill. ;</subfield>
    <subfield code="c">22 cm.</subfield>
  </datafield>
  <datafield tag="490" ind1=" " ind2="0">
    <subfield code="a">Worldwatch paper ;</subfield>
    <subfield code="v">66</subfield>
  </datafield>
  <datafield tag="504" ind1=" " ind2=" ">
    <subfield code="a">Bibliography: p. 59-66.</subfield>
  </datafield>
  <datafield tag="650" ind1=" " ind2="0">
    <subfield code="a">Petróleo</subfield>
  </datafield>
  <datafield tag="942" ind1=" " ind2=" ">
    <subfield code="c">L</subfield>
  </datafield>
  <datafield tag="999" ind1=" " ind2=" ">
    <subfield code="c">17990</subfield>
    <subfield code="d">17990</subfield>
  </datafield>
  <datafield tag="952" ind1=" " ind2=" ">
    <subfield code="0">0</subfield>
    <subfield code="1">0</subfield>
    <subfield code="2">ddc</subfield>
    <subfield code="4">0</subfield>
    <subfield code="6">301_000000000000000_W927</subfield>
    <subfield code="7">0</subfield>
    <subfield code="8">G</subfield>
    <subfield code="9">24277</subfield>
    <subfield code="a">sdin</subfield>
    <subfield code="b">sdin</subfield>
    <subfield code="d">2016-12-01</subfield>
    <subfield code="l">0</subfield>
    <subfield code="o">301 W927</subfield>
    <subfield code="p">2015.670</subfield>
    <subfield code="r">2016-12-01</subfield>
    <subfield code="w">2016-12-01</subfield>
    <subfield code="y">L</subfield>
  </datafield>
</record>